<?xml version="1.0" encoding="UTF-8"?><collection xmlns="http://www.loc.gov/MARC21/slim"><record><leader>00404nam--2200133-i-4500</leader><controlfield tag="001">000013306</controlfield><controlfield tag="002">20161230</controlfield><controlfield tag="005">20161230201030</controlfield><controlfield tag="008">060222s1000------------r-----000-0-eng-d</controlfield><datafield ind1=" " ind2=" " tag="080"><subfield code="a">621(075.8)</subfield></datafield><datafield ind1=" " ind2=" " tag="100"><subfield code="a">Victor Tabara, Ion Gheghea, Gheorghe Obagiu Si Gheorghe Boeriu</subfield></datafield><datafield ind1=" " ind2=" " tag="245"><subfield code="a">Actionarea electrica a masinilor unelte</subfield></datafield><datafield ind1=" " ind2=" " tag="260"><subfield code="a">Bucuresti, Editura Didactica Si Pedagogica, 1980 304 P</subfield></datafield><datafield ind1=" " ind2=" " tag="852"><subfield code="a">48309</subfield></datafield></record></collection>